<?xml version="1.0" encoding="UTF-8"?><collection xmlns="http://www.loc.gov/MARC21/slim"><record><leader>00481nam--2200145-i-4500</leader><controlfield tag="001">000040808</controlfield><controlfield tag="002">20161230</controlfield><controlfield tag="005">20161230201042</controlfield><controlfield tag="008">060222s1000------------r-----000-0-eng-d</controlfield><datafield ind1=" " ind2=" " tag="080"><subfield code="a">517.5</subfield></datafield><datafield ind1=" " ind2=" " tag="100"><subfield code="a">Schwartz,J.T</subfield></datafield><datafield ind1=" " ind2=" " tag="245"><subfield code="a">Nonlinear functiional analysis. notes by h.fattorini, r.nirenberg and h.porta with an additional chapter by herman karcher</subfield></datafield><datafield ind1=" " ind2=" " tag="260"><subfield code="a">New York, Gordon And Breach Science Publ., 1969. Vii + 236 P</subfield></datafield><datafield ind1=" " ind2=" " tag="490"><subfield code="a">Notes On Math.And Its Appl</subfield></datafield><datafield ind1=" " ind2=" " tag="852"><subfield code="a">42455</subfield></datafield></record></collection>